@article{sechser2010army,
  title={The Army You Have: The Determinants of Military Mechanization, 1979--2001},
  author={Sechser, Todd S and Saunders, Elizabeth N},
  journal={International Studies Quarterly},
  volume={54},
  number={2},
  pages={481--511},
  year={2010},
  publisher={Wiley Online Library}
}

@book{biddle2004military,
  title={Military power: Explaining victory and defeat in modern battle},
  author={Biddle, Stephen D},
  year={2004},
  publisher={Princeton University Press}
}

@article{gartzke2001democracy,
  title={Democracy and the Preparation for War: Does Regime Type Affect States' Anticipation of Casualties?},
  author={Gartzke, Erik},
  journal={International Studies Quarterly},
  volume={45},
  number={3},
  pages={467--484},
  year={2001},
  publisher={Wiley Online Library}
}

@article{farrell2001transnational,
  title={Transnational Norms and Military Development: Constructing Ireland's Professional Army},
  author={Farrell, Theo},
  journal={European Journal of International Relations},
  volume={7},
  number={1},
  pages={63--102},
  year={2001},
  publisher={Sage Publications}
}
