@book{empire,
	author = {Beckert, Sven}, 
	title = {Empire of cotton: a global history},
	year = {2014},
	publisher = {Vintage}
}
@article{beckert2004emancipation,
	  title={Emancipation and empire: Reconstructing the worldwide web of
		  cotton production in the age of the American Civil War},
	  author={Beckert, Sven},
	  journal={The American Historical Review},
	  volume={109},
	  number={5},
	  pages={1405--1438},
	  year={2004}
}
@book{river,
	title={River of dark dreams},
	author={Johnson, Walter},
	year={2013},
	publisher={Harvard University Press}
}
@book{baptist,
	title={The half has never been told: Slavery and the making of American
		capitalism},
	author={Baptist, Edward},
	year={2016},
	publisher={Hachette}
}
@book{williams,
	title={Capitalism and slavery},
	author={Williams, Eric},
	year={2014},
	publisher={UNC Press Books}
}
@book{genovese2014political,
  title={The political economy of slavery: Studies in the economy and society of the slave South},
  author={Genovese, Eugene},
  year={2014},
  publisher={Wesleyan University Press}
}
@book{elkins2013slavery,
  title={Slavery: A problem in American institutional and intellectual life},
  author={Elkins, Stanley},
  year={2013},
  publisher={University of Chicago Press}
}
@book{beckert2016slavery,
  title={Slavery's capitalism: a new history of American economic development},
  author={Beckert, Sven and Rockman, Seth},
  year={2016},
  publisher={University of Pennsylvania Press}
}
@article{olmstead2017cotton,
  title={Cotton, slavery, and the new history of capitalism},
  author={Olmstead, Alan and Rhode, Paul },
  journal={Explorations in Economic History},
  year={2017}
}



